@article {Ahlgren,
    AUTHOR = {Ahlgren, Scott},
     TITLE = {On the irreducibility of {H}ecke polynomials},
   JOURNAL = {Math. Comp.},
  FJOURNAL = {Mathematics of Computation},
    VOLUME = {77},
      YEAR = {2008},
    NUMBER = {263},
     PAGES = {1725--1731},
      ISSN = {0025-5718},
     CODEN = {MCMPAF},
   MRCLASS = {11F25 (11F11)},
  MRNUMBER = {2398790 (2009c:11060)},
MRREVIEWER = {Kazuyuki Hatada},
       DOI = {10.1090/S0025-5718-08-02078-4},
}

@article {Buzzard,
    AUTHOR = {Buzzard, Kevin},
     TITLE = {On the eigenvalues of the {H}ecke operator {$T_2$}},
   JOURNAL = {J. Number Theory},
  FJOURNAL = {Journal of Number Theory},
    VOLUME = {57},
      YEAR = {1996},
    NUMBER = {1},
     PAGES = {130--132},
      ISSN = {0022-314X},
     CODEN = {JNUTA9},
   MRCLASS = {11F25},
  MRNUMBER = {1378578 (96m:11033)},
MRREVIEWER = {Thomas R. Shemanske},
       DOI = {10.1006/jnth.1996.0039},
}

@incollection {ConreyFarmer,
    AUTHOR = {Conrey, J. B. and Farmer, D. W.},
     TITLE = {Hecke operators and the nonvanishing of {$L$}-functions},
 BOOKTITLE = {Topics in number theory ({U}niversity {P}ark, {PA}, 1997)},
    SERIES = {Math. Appl.},
    VOLUME = {467},
     PAGES = {143--150},
 PUBLISHER = {Kluwer Acad. Publ.},
   ADDRESS = {Dordrecht},
      YEAR = {1999},
   MRCLASS = {11F67 (11F25)},
  MRNUMBER = {1691315 (2000f:11055)},
MRREVIEWER = {Vinayak Vatsal},
}

@article {FarmerJames,
    AUTHOR = {Farmer, D. W. and James, K.},
     TITLE = {The irreducibility of some level 1 {H}ecke polynomials},
   JOURNAL = {Math. Comp.},
  FJOURNAL = {Mathematics of Computation},
    VOLUME = {71},
      YEAR = {2002},
    NUMBER = {239},
     PAGES = {1263--1270 (electronic)},
      ISSN = {0025-5718},
     CODEN = {MCMPAF},
   MRCLASS = {11F25 (11F11)},
  MRNUMBER = {1898755 (2003e:11046)},
MRREVIEWER = {T. C. Vasudevan},
       DOI = {10.1090/S0025-5718-01-01375-8},
}

@article {Maeda,
    AUTHOR = {Hida, Haruzo and Maeda, Yoshitaka},
     TITLE = {Non-abelian base change for totally real fields},
      NOTE = {Olga Taussky-Todd: in memoriam},
   JOURNAL = {Pacific J. Math.},
  FJOURNAL = {Pacific Journal of Mathematics},
      YEAR = {1997},
    NUMBER = {Special Issue},
     PAGES = {189--217},
      ISSN = {0030-8730},
     CODEN = {PJMAAI},
   MRCLASS = {11F80 (11F85)},
  MRNUMBER = {1610859 (99f:11068)},
MRREVIEWER = {Alexey A. Panchishkin},
       DOI = {10.2140/pjm.1997.181.189},
}

@manual{Sage,
  Key          = {Sage},
  Author       = {W.\thinspace{}A. Stein and others},
  Organization = {The Sage Development Team},
  Title        = {{S}age {M}athematics {S}oftware ({V}ersion 5.0)},
  url         = {http://www.sagemath.org},
  Year         = {2012},
  shorthand    = {Sage}
}

@book {Stein,
    AUTHOR = {Stein, William},
     TITLE = {Modular forms, a computational approach},
    SERIES = {Graduate Studies in Mathematics},
    VOLUME = {79},
      NOTE = {With an appendix by Paul E. Gunnells},
 PUBLISHER = {American Mathematical Society},
   ADDRESS = {Providence, RI},
      YEAR = {2007},
     PAGES = {xvi+268},
      ISBN = {978-0-8218-3960-7; 0-8218-3960-8},
   MRCLASS = {11F11 (11-01 11F67 11Y16 11Y35)},
  MRNUMBER = {2289048 (2008d:11037)},
MRREVIEWER = {Imin Chen},
}

